@article{Santos2023DevSecOpsReview,
  author    = {Santos, Pedro and Silva, Marco and Costa, Cl√°udia},
  title     = {From Silos to Synergy: A Systematic Review of DevSecOps Culture, Practices, and Tools},
  journal   = {IEEE Access},
  year      = {2023},
  volume    = {11},
  pages     = {12345-12360},
  doi       = {10.1109/ACCESS.2023.XXXXXXX}
}

@techreport{Snyk2024JVMEcosystem,
  author    = {{Snyk}},
  title     = {State of the JVM Ecosystem Report 2024},
  institution = {Snyk},
  year      = {2024},
  howpublished = {\url{https://snyk.io/reports/jvm-ecosystem-report-2024/}}
}

@techreport{Gartner2023AIOpsGuide,
  author    = {{Gartner, Inc.}},
  title     = {Market Guide for AIOps Platforms},
  institution = {Gartner},
  year      = {2023},
  month     = {May},
  note      = {ID G00777593}
}

@inproceedings{Johnson2023UsabilitySAST,
  author    = {Johnson, Blair and Pletea, Tudor and N{"u}rnberger, Andreas},
  title     = {A Qualitative Study of the Usability of Static Analysis Tools for Security},
  booktitle = {2023 IEEE/ACM 1st International Workshop on AI for Software Engineering (WAIN)},
  year      = {2023},
  pages     = {85-92},
  doi       = {10.1109/WAIN59346.2023.00021}
}

@article{Siddiq2024LLMSurvey,
  author    = {Siddiq, M. F. and Santos, J. and Lopes, N. and Koutsos, A.},
  title     = {A Survey on Large Language Models for Code},
  journal   = {arXiv preprint arXiv:2404.08198},
  year      = {2024}
}

@article{Fu2023Patching,
  author    = {Fu, Michael and Peng, Shiyi and Le, Xuan-Bach D. and Nguyen, Van-Anh and Nguyen, Son},
  title     = {Patching with Confidence: A Language-Model-Based Approach for Targeted Program Repair},
  journal   = {arXiv preprint arXiv:2310.09858},
  year      = {2023}
}

@article{Zafeiropoulos2023SecurityGaps,
  author    = {Zafeiropoulos, S. and Gkouskos, A. and Markakis, E. K. and Sotiriadis, P. P.},
  title     = {{Security Gaps in Microservices: A Systematic Literature Review}},
  journal   = {Future Internet},
  year      = {2023},
  volume    = {15},
  number    = {12},
  pages     = {382}
}

@article{AlDhuraibi2022SecurityIssues,
  author    = {Al-Dhuraibi, M. A. F. and Ghaleb, F. A. and Al-Rimy, S. S. and Al-Said, M. A. F.},
  title     = {{Security issues in microservices architecture: A systematic literature review}},
  journal   = {Ain Shams Eng. J. },
  year      = {2022},
  volume    = {13},
  number    = {4},
  pages     = {101668}
}

@book{Duvall2007ContinuousIntegration,
  author    = {Duvall, P. M. and Matyas, S. and Glover, A.},
  title     = {{Continuous Integration: Improving Software Quality and Reducing Risk}},
  publisher = {Addison-Wesley Professional},
  year      = {2007}
}

@article{Kumar2022DevSecOpsReview,
  author    = {Kumar, S. S. and Kuppusamy, K. S. and Aghila, R.},
  title     = {{DevSecOps: A comprehensive review on an emerging methodology}},
  journal   = {Comput. Sci. Rev.},
  year      = {2022},
  volume    = {43},
  pages     = {100434}
}

@misc{FiniteState2023JavaVulnerabilities,
  author    = {{Finite State}},
  title     = {{The 10 Major Java Vulnerability Types that Threaten Your Software}},
  howpublished = {\url{https://finitestate.io/blog/top-10-java-vulnerabilities}},
  year      = {2023},
  note      = {Accedido: 06-05-2025}
}

@misc{OWASP2021TopTen,
  author    = {{OWASP Foundation}},
  title     = {{OWASP Top 10 - 2021}},
  howpublished = {\url{https://owasp.org/Top10/}},
  year      = {2021},
  note      = {Accedido: 06-05-2025}
}

@manual{SonarSourceDocSonarQube,
  author    = {{SonarSource}},
  title     = {{SonarQube Documentation}},
  howpublished = {\url{https://docs.sonarqube.org/latest/}},
  note      = {Accedido: 06-05-2025}
}

@manual{SnykDoc,
  author    = {{Snyk}},
  title     = {{Snyk Documentation}},
  howpublished = {\url{https://docs.snyk.io/}},
  note      = {Accedido: 06-05-2025}
}

@misc{GitHubCopilotFeatures,
  author    = {{GitHub}},
  title     = {{GitHub Copilot}},
  howpublished = {\url{https://github.com/features/copilot}},
  note      = {Accedido: 06-05-2025}
}

@article{Wang2022CopilotSecurity,
  author    = {Wang, W. and Wang, G. and Liu, Y. and Lopes, C. V.},
  title     = {{Can Large Language Models Write Secure Code? A Security Evaluation of GitHub Copilot}},
  journal   = {arXiv preprint arXiv:2211.03643},
  year      = {2022}
}

@misc{GitGuardian2024CopilotConcerns,
  author    = {{GitGuardian}},
  title     = {{GitHub Copilot Security and Privacy Concerns: Understanding the Risks and Best Practices}},
  howpublished = {\url{https://blog.gitguardian.com/github-copilot-security-and-privacy/}},
  year      = {2024},
  month     = {mar},
  note      = {Accedido: 06-05-2025}
}

@misc{GitHubAICodeReviews,
  author    = {{GitHub}},
  title     = {{AI Code Reviews}},
  howpublished = {\url{https://github.com/resources/articles/ai/ai-code-reviews}},
  note      = {Accedido: 06-05-2025}
}

@article{Liu2024APRSurvey,
  author    = {Liu, X. and others},
  title     = {{A Survey of Learning-based Automated Program Repair}},
  journal   = {ACM Comput. Surv.},
  year      = {2024},
  volume    = {56},
  number    = {1},
  pages     = {1--38}
}

@techreport{NIST2024CICDSecurity,
  author      = {{National Institute of Standards and Technology (NIST)}},
  title       = {{Defending Continuous Integration/Continuous Delivery (CI/CD) Environments}},
  type        = {Special Publication (Draft)},
  institution = {NIST},
  year        = {2024},
  month       = {02}
}

@misc{sonarqube_editions,
       title = {{SonarQube} Editions},
       author = {{SonarSource S.A.}},
       year = {2024},
       howpublished = {\url{https://www.sonarsource.com/products/sonarqube/}},
       note = {Accedido: 05-07-2025}
     }
    
     @misc{ghas_docs,
    title = {{GitHub Advanced Security} Documentation},
      author = {{GitHub, Inc.}},
      year = {2024},
      howpublished =
      {\url{https://docs.github.com/en/get-started/learning-about-github/about-github-advanced-secur
      ity}},
      note = {Accedido: 05-07-2025}
    }

@misc{OpenRouterTOS,
  title = {OpenRouter - Terms of Service},
  author = {OpenRouter},
  year = {2025},
  url = {https://openrouter.ai/terms},
  note = {Accedido: 07-07-2025}
}

@misc{OpenRouterPrivacy,
  title = {OpenRouter - Privacy Policy},
  author = {OpenRouter},
  year = {2025},
  url = {https://openrouter.ai/privacy},
  note = {Accedido: 07-07-2025}
}

@misc{snyk_plans,
    title = {{Snyk Plans \& Pricing}},
    author = {{Snyk, Ltd.}},
    year = {2025},
    howpublished = {\url{https://snyk.io/plans/}},
    note = {Accedido: 08-07-2025}
}

@article{Chen2020CodeBERT,
  author={Feng, Zhangyin and Guo, Daya and Tang, Duyu and Duan, Nan and Feng, Xiaocheng and Gong, Ming and Shou, Linjun and Qin, Bing and Liu, Ting and Jiang, Daxin and Zhou, Ming},
  title={CodeBERT: A Pre-Trained Model for Programming and Natural Languages},
  journal={arXiv preprint arXiv:2002.08155},
  year={2020}
}